<record><leader>00000cas a2200000 a 4500</leader><controlfield tag="001">10860533</controlfield><controlfield tag="008">840619d18551895caudn ne      0    0eng c</controlfield><datafield ind1=" " ind2=" " tag="010"><subfield code="a">sn 84025973 </subfield></datafield><datafield ind1=" " ind2=" " tag="040"><subfield code="a">NPV</subfield><subfield code="b">eng</subfield><subfield code="c">NPV</subfield><subfield code="d">NPU</subfield><subfield code="d">NPV</subfield><subfield code="d">NPX</subfield><subfield code="d">NPA</subfield><subfield code="d">PPM</subfield><subfield code="d">DLC</subfield><subfield code="d">YOX</subfield><subfield code="d">CNK</subfield><subfield code="d">OCL</subfield><subfield code="d">CVF</subfield><subfield code="d">CRL</subfield><subfield code="d">CUV</subfield><subfield code="d">KRTAS</subfield><subfield code="d">CUI</subfield><subfield code="d">UKMGB</subfield><subfield code="d">OCLCQ</subfield><subfield code="d">OCLCF</subfield><subfield code="d">OCLCO</subfield></datafield><datafield ind1="7" ind2=" " tag="016"><subfield code="a">013914532</subfield><subfield code="2">Uk</subfield></datafield><datafield ind1="1" ind2=" " tag="029"><subfield code="a">AU@</subfield><subfield code="b">000025838853</subfield></datafield><datafield ind1=" " ind2=" " tag="042"><subfield code="a">pcc</subfield></datafield><datafield ind1=" " ind2=" " tag="043"><subfield code="a">n-us-ca</subfield></datafield><datafield ind1="0" ind2="0" tag="050"><subfield code="a">Newspaper 7114-X</subfield></datafield><datafield ind1=" " ind2="4" tag="050"><subfield code="a">AN</subfield></datafield><datafield ind1="0" ind2=" " tag="130"><subfield code="a">Daily evening bulletin (San Francisco, Calif. : 1855)</subfield></datafield><datafield ind1="1" ind2="0" tag="245"><subfield code="a">Daily evening bulletin.</subfield></datafield><datafield ind1="3" ind2="0" tag="246"><subfield code="a">Daily bulletin and alta California</subfield></datafield><datafield ind1="1" ind2="3" tag="246"><subfield code="a">Evening bulletin</subfield></datafield><datafield ind1=" " ind2=" " tag="260"><subfield code="a">San Francisco [Calif.] :</subfield><subfield code="b">C.O. Gerberding &amp; Co.,</subfield><subfield code="c">1855-</subfield></datafield><datafield ind1=" " ind2=" " tag="300"><subfield code="a">v. ;</subfield><subfield code="c">72 cm.</subfield></datafield><datafield ind1=" " ind2=" " tag="310"><subfield code="a">Daily (except Sun.)</subfield></datafield><datafield ind1="0" ind2=" " tag="362"><subfield code="a">Vol. 1, no. 1 (Oct. 8, 1855)-v. 80, no. 36 (May 18, 1895).</subfield></datafield><datafield ind1=" " ind2=" " tag="500"><subfield code="a">"Daily" appears in title ornament.</subfield></datafield><datafield ind1=" " ind2=" " tag="500"><subfield code="a">Extra issue for May 18, 1861 published as: Daily bulletin and alta California.</subfield></datafield><datafield ind1=" " ind2=" " tag="530"><subfield code="a">Also issued on microfilm from the University of California, Berkeley.</subfield></datafield><datafield ind1=" " ind2=" " tag="530"><subfield code="a">Also issued online.</subfield></datafield><datafield ind1=" " ind2="0" tag="651"><subfield code="a">San Francisco (Calif.)</subfield><subfield code="v">Newspapers.</subfield></datafield><datafield ind1=" " ind2="7" tag="655"><subfield code="a">Newspapers.</subfield><subfield code="2">fast</subfield><subfield code="0">(OCoLC)fst01423814</subfield></datafield><datafield ind1=" " ind2="7" tag="651"><subfield code="a">California</subfield><subfield code="z">San Francisco.</subfield><subfield code="2">fast</subfield><subfield code="0">(OCoLC)fst01204481</subfield></datafield><datafield ind1=" " ind2=" " tag="752"><subfield code="a">United States</subfield><subfield code="b">California</subfield><subfield code="c">San Francisco</subfield><subfield code="d">San Francisco.</subfield></datafield><datafield ind1="0" ind2=" " tag="775"><subfield code="t">Evening bulletin (San Francisco, Calif. : Steamer)</subfield><subfield code="w">(DLC)sn 82014856</subfield><subfield code="w">(OCoLC)8793084</subfield></datafield><datafield ind1="0" ind2=" " tag="775"><subfield code="t">Steamer bulletin</subfield><subfield code="w">(DLC)sn 82014910</subfield><subfield code="w">(OCoLC)8797103</subfield></datafield><datafield ind1="0" ind2=" " tag="775"><subfield code="t">Daily morning bulletin (San Francisco, Calif.)</subfield><subfield code="w">(DLC)sn 85025308</subfield><subfield code="w">(OCoLC)11638244</subfield></datafield><datafield ind1="0" ind2=" " tag="775"><subfield code="t">Weekly bulletin (San Francisco, Calif. : 1856)</subfield><subfield code="w">(DLC)sn 82015438</subfield><subfield code="w">(OCoLC)8810448</subfield></datafield><datafield ind1="0" ind2="8" tag="776"><subfield code="i">Online version:</subfield><subfield code="t">Daily evening bulletin (San Francisco, Calif. : 1855 : Online)</subfield><subfield code="w">(OCoLC)192107239</subfield></datafield><datafield ind1="0" ind2="0" tag="785"><subfield code="t">Bulletin (San Francisco, Calif. : 1895)</subfield><subfield code="w">(DLC)sn 85040229</subfield><subfield code="w">(OCoLC)11683273</subfield></datafield><datafield ind1=" " ind2=" " tag="938"><subfield code="a">Kirtas Technologies, Inc.</subfield><subfield code="b">KRTS</subfield><subfield code="n">738545</subfield></datafield></record>